@book{python,
 author = {Hans Petter Langtangen},
 title = {Python Scripting for Computational Science (Texts in Computational Science and Engineering)},
 year = {2005},
 isbn = {3540294155},
 publisher = {Springer-Verlag New York, Inc.},
 address = {Secaucus, NJ, USA}
 }



@UNPUBLISHED{condor,
  title = { {\sc The Condor Project} },
  url = {http://www.cs.wisc.edu/condor/}
}

